<?xml version="1.0" encoding="UTF-8"?><collection xmlns="http://www.loc.gov/MARC21/slim"><record><leader>00559nam--2200217-u-4500</leader><controlfield tag="001">000050424</controlfield><controlfield tag="002">20161230</controlfield><controlfield tag="003">81811</controlfield><controlfield tag="005">20161230201048</controlfield><controlfield tag="008">070315s1000------------r-----000-0-eng-d</controlfield><datafield ind1=" " ind2=" " tag="020"><subfield code="a">3-540-43476-3</subfield></datafield><datafield ind1=" " ind2=" " tag="040"><subfield code="a">IFIN-HH</subfield></datafield><datafield ind1=" " ind2=" " tag="041"><subfield code="a">eng</subfield></datafield><datafield ind1="1" ind2=" " tag="100"><subfield code="a">Derksen,Harm and Kemper,Gregor</subfield></datafield><datafield ind1="1" ind2="0" tag="245"><subfield code="a">Computational Invariant Theory</subfield></datafield><datafield ind1=" " ind2=" " tag="260"><subfield code="a">Berlin</subfield><subfield code="b">Springer-Verlag</subfield><subfield code="c">2002</subfield></datafield><datafield ind1=" " ind2=" " tag="300"><subfield code="a">268 p</subfield></datafield><datafield ind1=" " ind2=" " tag="490"><subfield code="a">Encyclopedia of Mathematical Sciences</subfield></datafield><datafield ind1=" " ind2=" " tag="504"><subfield code="a">Includes Index</subfield></datafield><datafield ind1=" " ind2="4" tag="650"><subfield code="a">Invariant Theory</subfield></datafield><datafield ind1=" " ind2=" " tag="CAT"><subfield code="a">Sys</subfield><subfield code="c">20070315</subfield><subfield code="h">085654</subfield></datafield></record></collection>